@inproceedings{kour2014real,
  title={Real-time segmentation of on-line handwritten arabic script},
  author={Kour, George and Saabne, Raid},
  booktitle={Frontiers in Handwriting Recognition (ICFHR), 2014 14th International Conference on},
  pages={417--422},
  year={2014},
  organization={IEEE}
}

@inproceedings{kour2014fast,
  title={Fast classification of handwritten on-line Arabic characters},
  author={Kour, George and Saabne, Raid},
  booktitle={Soft Computing and Pattern Recognition (SoCPaR), 2014 6th International Conference of},
  pages={312--318},
  year={2014},
  organization={IEEE}
}

@article{hadash2018estimate,
  title={Estimate and Replace: A Novel Approach to Integrating Deep Neural Networks with Existing Applications},
  author={Hadash, Guy and Kermany, Einat and Carmeli, Boaz and Lavi, Ofer and Kour, George and Jacovi, Alon},
  journal={arXiv preprint arXiv:1804.09028},
  year={2018}
}

@article{litjens_survey_2017,
	title = {A survey on deep learning in medical image analysis},
	volume = {42},
	journal = {Medical Image Analysis},
	author = {Litjens, Geert and Kooi, Thijs and Bejnordi, Babak Ehteshami and Setio, Arnaud Arindra Adiyoso and Ciompi, Francesco and Ghafoorian, Mohsen and van der Laak, Jeroen A. W. M. and van Ginneken, Bram and SÃ¡nchez, Clara I.},
	month = dec,
	year = {2017},
	pages = {60--88}
}

@article{heller_kits19_2019,
	title = {The {KiTS}19 {Challenge} {Data}: 300 {Kidney} {Tumor} {Cases} with {Clinical} {Context}, {CT} {Semantic} {Segmentations}, and {Surgical} {Outcomes}},
	shorttitle = {The {KiTS}19 {Challenge} {Data}},
	language = {en},
	urldate = {2019-05-23},
	journal = {arXiv:1904.00445 [cs, q-bio, stat]},
	author = {Heller, Nicholas and Sathianathen, Niranjan and Kalapara, Arveen and Walczak, Edward and Moore, Keenan and Kaluzniak, Heather and Rosenberg, Joel and Blake, Paul and Rengel, Zachary and Oestreich, Makinna and Dean, Joshua and Tradewell, Michael and Shah, Aneri and Tejpaul, Resha and Edgerton, Zachary and Peterson, Matthew and Raza, Shaneabbas and Regmi, Subodh and Papanikolopoulos, Nikolaos and Weight, Christopher},
	month = mar,
	year = {2019}
}
@article{sun_treatment_2012,
	title = {Treatment management of small renal masses in the 21st century: a paradigm shift},
	volume = {19},
	issn = {1534-4681},
	shorttitle = {Treatment management of small renal masses in the 21st century},
	doi = {10.1245/s10434-012-2247-0},
	language = {eng},
	number = {7},
	journal = {Annals of Surgical Oncology},
	author = {Sun, Maxine and Abdollah, Firas and Bianchi, Marco and Trinh, Quoc-Dien and Jeldres, Claudio and Thuret, Rodolphe and Tian, Zhe and Shariat, Shahrokh F. and Montorsi, Francesco and Perrotte, Paul and Karakiewicz, Pierre I.},
	month = jul,
	year = {2012},
	pages = {2380--2387}
}

@article{erickson_machine_2017,
	title = {Machine {Learning} for {Medical} {Imaging}},
	volume = {37},
	issn = {0271-5333},
	doi = {10.1148/rg.2017160130},
	number = {2}, 
	journal = {RadioGraphics},
	author = {Erickson, Bradley J. and Korfiatis, Panagiotis and Akkus, Zeynettin and Kline, Timothy L.},
	month = feb,
	year = {2017},
	pages = {505--515}
}